<?xml version="1.0" encoding="UTF-8"?><collection xmlns="http://www.loc.gov/MARC21/slim"><record><leader>00447nam--2200133-i-4500</leader><controlfield tag="001">000025706</controlfield><controlfield tag="002">20161230</controlfield><controlfield tag="005">20170208133254</controlfield><controlfield tag="008">060222s1000------------r-----000-0-eng-d</controlfield><datafield ind1=" " ind2=" " tag="245"><subfield code="a">The international encyclopedia of physical chemistry and chemical physics. Topic 11. The ideal crytstalline state. Vol.2. Elementary theory of metals</subfield></datafield><datafield ind1=" " ind2=" " tag="260"><subfield code="a">Oxford</subfield><subfield code="b">Pergamon Press</subfield><subfield code="c">1967</subfield></datafield><datafield ind1=" " ind2=" " tag="700"><subfield code="a">Donovan, B</subfield></datafield><datafield ind1=" " ind2=" " tag="852"><subfield code="a">11315</subfield></datafield><datafield ind1=" " ind2=" " tag="CAT"><subfield code="a">SYS</subfield><subfield code="c">20170208</subfield><subfield code="h">133254</subfield></datafield></record></collection>